@article{Adam:2016acv,
      author         = "Adam, Jaroslav and others",
      title          = "{Particle identification in ALICE: a Bayesian approach}",
      collaboration  = "ALICE",
      journal        = "Eur. Phys. J. Plus",
      volume         = "131",
      year           = "2016",
      number         = "5",
      pages          = "168",
      doi            = "10.1140/epjp/i2016-16168-5",
      eprint         = "1602.01392",
      archivePrefix  = "arXiv",
      primaryClass   = "physics.data-an",
      reportNumber   = "CERN-EP-2016-023",
      SLACcitation   = "%%CITATION = ARXIV:1602.01392;%%"
}
@inproceedings{Belikov:2005zz,
      author         = "Belikov, I. and Hristov, P. and Ivanov, M. and Kuhr, T.
                        and Safarik, K.",
      title          = "{Bayesian approach for combined particle identification
                        in ALICE experiment at LHC}",
      booktitle      = "{Computing in high energy physics and nuclear physics.
                        Proceedings, Conference, CHEP'04, Interlaken, Switzerland,
                        September 27-October 1, 2004}",
      url            = "http://doc.cern.ch/yellowrep/2005/2005-002/p423.pdf",
      year           = "2005",
      pages          = "423-426",
      SLACcitation   = "%%CITATION = INSPIRE-707321;%%"
}
@misc{Pulvermacher:SuperKEKBDetectorComponents,
      author       = {Pulvermacher, Christian},
      title        = {dE/dx particle identification and pixel detector data reduction for the Belle II experiment},
      school       = {KIT},
      type         = {Dipl. ; Dipl.},
      reportid     = {IEKP-KA/2012-09},
      year         = {2012},
      note         = {KIT, Diplomarbeit, 2012},
      keywords     = {Unveröffentlichte Hochschulschrift (GND)},
      cin          = {Belle2},
      cid          = {I:(DE-IEKP)Belle2-20121205},
      typ          = {PUB:(DE-HGF)10},
      url          = {https://ekp-invenio.physik.uni-karlsruhe.de/record/48263},
}
@misc{Pulvermacher:AnalysisSoftware,
      author       = {Pulvermacher, Christian},
      title        = {Analysis Software and Full Event Interpretation for the Belle~\RN{2} Experiment},
      school       = {KIT},
      type         = {{PhD} dissertation},
      reportid     = {IEKP-KA/2015-16},
      year         = {2015},
      note         = {KIT, Doktorarbeit, 2015},
      cin          = {Belle2},
      url          = {https://docs.belle2.org/record/336/files/BELLE2-PTHESIS-2016-003.pdf},
}
@article{Dawson:2017rsp,
      author         = "Dawson, B. R. and Fukushima, M. and Sokolsky, P.",
      title          = "{Past, Present and Future of UHECR Observations}",
      journal        = "PTEP",
      volume         = "2017",
      year           = "2017",
      number         = "12",
      pages          = "12A101",
      doi            = "10.1093/ptep/ptx054",
      eprint         = "1703.07897",
      archivePrefix  = "arXiv",
      primaryClass   = "astro-ph.HE",
      SLACcitation   = "%%CITATION = ARXIV:1703.07897;%%"
}
@article{Abe:2010gxa,
      author         = "Abe, T. and others",
      title          = "{Belle II Technical Design Report}",
      collaboration  = "Belle-II",
      year           = "2010",
      eprint         = "1011.0352",
      archivePrefix  = "arXiv",
      primaryClass   = "physics.ins-det",
      reportNumber   = "KEK-REPORT-2010-1",
      SLACcitation   = "%%CITATION = ARXIV:1011.0352;%%"
}
@article{Belle2Collaboration:B2TiP,
      author         = "Belle~\RN{2} Theory Interface Platform",
      title          = "{The Belle 2 Physics Book, 18-04-18}",
      journal        = "Progress of Theoretical and Experimental Physics",
      year           = "to be published",
      pages          = "721",
}
@article{Patrignani:2016xqp,
      author         = "Patrignani, C. and others",
      title          = "{Review of Particle Physics}",
      collaboration  = "Particle Data Group",
      journal        = "Chin. Phys.",
      volume         = "C40",
      year           = "2016",
      number         = "10",
      pages          = "100001",
      doi            = "10.1088/1674-1137/40/10/100001",
      SLACcitation   = "%%CITATION = CHPHD,C40,100001;%%"
}
@article{DBLP:journals/corr/abs-1212-5701,
  author    = {Matthew D. Zeiler},
  title     = {{ADADELTA:} An Adaptive Learning Rate Method},
  journal   = {CoRR},
  volume    = {abs/1212.5701},
  year      = {2012},
  url       = {http://arxiv.org/abs/1212.5701},
  archivePrefix = {arXiv},
  eprint    = {1212.5701},
  timestamp = {Wed, 07 Jun 2017 14:43:02 +0200},
  biburl    = {https://dblp.org/rec/bib/journals/corr/abs-1212-5701},
  bibsource = {dblp computer science bibliography, https://dblp.org}
}
@article{DBLP:journals/corr/KingmaB14,
  author    = {Diederik P. Kingma and
               Jimmy Ba},
  title     = {Adam: {A} Method for Stochastic Optimization},
  journal   = {CoRR},
  volume    = {abs/1412.6980},
  year      = {2014},
  url       = {http://arxiv.org/abs/1412.6980},
  archivePrefix = {arXiv},
  eprint    = {1412.6980},
  timestamp = {Wed, 07 Jun 2017 14:40:52 +0200},
  biburl    = {https://dblp.org/rec/bib/journals/corr/KingmaB14},
  bibsource = {dblp computer science bibliography, https://dblp.org}
}
@misc{chollet2015keras,
  title={Keras},
  author={Chollet, Fran\c{c}ois and others},
  year={2015},
  howpublished={\url{https://keras.io}},
}
@misc{tensorflow2015-whitepaper,
title={ {TensorFlow}: Large-Scale Machine Learning on Heterogeneous Systems},
url={https://www.tensorflow.org/},
author={
    Martín~Abadi and
    Ashish~Agarwal and
    Paul~Barham and
    Eugene~Brevdo and
    Zhifeng~Chen and
    Craig~Citro and
    Greg~S.~Corrado and
    Andy~Davis and
    Jeffrey~Dean and
    Matthieu~Devin and
    Sanjay~Ghemawat and
    Ian~Goodfellow and
    Andrew~Harp and
    Geoffrey~Irving and
    Michael~Isard and
    Yangqing Jia and
    Rafal~Jozefowicz and
    Lukasz~Kaiser and
    Manjunath~Kudlur and
    Josh~Levenberg and
    Dandelion~Man\'{e} and
    Rajat~Monga and
    Sherry~Moore and
    Derek~Murray and
    Chris~Olah and
    Mike~Schuster and
    Jonathon~Shlens and
    Benoit~Steiner and
    Ilya~Sutskever and
    Kunal~Talwar and
    Paul~Tucker and
    Vincent~Vanhoucke and
    Vijay~Vasudevan and
    Fernanda~Vi\'{e}gas and
    Oriol~Vinyals and
    Pete~Warden and
    Martin~Wattenberg and
    Martin~Wicke and
    Yuan~Yu and
    Xiaoqiang~Zheng},
  year={2015},
}
@article{Pearson:LinesAndPlanes,
  author = { Karl~Pearson~F.R.S. },
  title = {\RN{53}. On lines and planes of closest fit to systems of points in space},
  journal = {The London, Edinburgh, and Dublin Philosophical Magazine and Journal of Science},
  volume = {2},
  number = {11},
  pages = {559-572},
  year  = {1901},
  publisher = {Taylor & Francis},
  doi = {10.1080/14786440109462720},
  URL = { https://doi.org/10.1080/14786440109462720 },
  eprint = { https://doi.org/10.1080/14786440109462720 }
}
@book{Goodfellow:DeepLearning,
  title = {Deep Learning},
  author = {Goodfellow, I. and Bengio, Y. and Courville, A.},
  isbn = {9780262035613},
  lccn = {2016022992},
  series = {Adaptive computation and machine learning},
  url = {https://books.google.de/books?id=Np9SDQAAQBAJ},
  year = {2016},
  publisher = {MIT Press}
}
@ARTICLE{Hahnloser:NeuralComputation,
  author = {R.~H.~R.~Hahnloser and H.~S.~Seung and J.~J.~Slotine},
  journal = {Neural Computation},
  title = {Permitted and Forbidden Sets in Symmetric Threshold-Linear Networks},
  year = {2003},
  volume = {15},
  number = {3},
  pages = {621-638},
  doi = {10.1162/089976603321192103},
  ISSN = {0899-7667},
  month = {March}
}
@inproceedings{Ester:1996:DAD:3001460.3001507,
  author = {Ester, Martin and Kriegel, Hans-Peter and Sander, J\"{o}rg and Xu, Xiaowei},
  title = {A Density-based Algorithm for Discovering Clusters a Density-based Algorithm for Discovering Clusters in Large Spatial Databases with Noise},
  booktitle = {Proceedings of the Second International Conference on Knowledge Discovery and Data Mining},
  series = {KDD'96},
  year = {1996},
  location = {Portland, Oregon},
  pages = {226--231},
  numpages = {6},
  url = {http://www.dbs.ifi.lmu.de/Publikationen/Papers/KDD-96.final.frame.pdf},
  acmid = {3001507},
  publisher = {AAAI Press},
  keywords = {arbitrary shape of clusters, clustering algorithms, efficiency on large spatial databases, handling nlj4-275oise},
}
@INPROCEEDINGS{Ankerst99optics:ordering,
    author = {Mihael Ankerst and Markus M. Breunig and Hans-peter Kriegel and Jörg Sander},
    title = {OPTICS: Ordering Points To Identify the Clustering Structure},
    year = {1999},
    pages = {49--60},
    publisher = {ACM Press},
    url = {http://citeseerx.ist.psu.edu/viewdoc/download?doi=10.1.1.129.6542&rep=rep1&type=pdf}
}
@misc{MachineLearning:NeuralNetworks,
  author        = {Volker~Tresp},
  title         = {Lecture notes in Machine Learning: Neural Networks},
  month         = {April},
  year          = {2017},
  publisher     = {Fakultät für Informatik der Universität München},
  url           = {http://www.dbs.ifi.lmu.de/Lehre/MaschLernen/SS2017/Skript/03-NeuralNetworks2017.pdf}
}
@misc{MachineLearning:DeepLearning,
  author        = {Volker~Tresp},
  title         = {Lecture notes in Machine Learning: Deep Learning},
  month         = {April},
  year          = {2017},
  publisher     = {Fakultät für Informatik der Universität München}
}
@misc{MachineLearning:LinearClassification,
  author        = {Volker~Tresp},
  title         = {Lecture notes in Machine Learning: Linear Classification},
  month         = {Juni},
  year          = {2017},
  publisher     = {Fakultät für Informatik der Universität München}
}
@misc{BigDataManagementAndAnalytics:TextProcessingAndHigh-DimensionalData,
  author        = {Matthias~Schubert},
  title         = {Lecture notes in Big Data Management and Analytics: Text Processing and High-Dimensional Data},
  month         = {December},
  year          = {2017},
  publisher     = {Fakultät für Informatik der Universität München}
}
@misc{KnowledgeDiscoveryInDatabases1:Clustering,
  author        = {Peer~Kröger},
  title         = {Lecture notes in Knowledge Discovery in Databases~\RN{1}: Clustering},
  month         = {December},
  year          = {2017},
  publisher     = {Fakultät für Informatik der Universität München}
}
@misc{NeuralNetwork:UniversalApproximation,
  author        = {George~Cybenko},
  title         = {Approximations by superpositions of sigmoidal functions},
  month         = {February},
  year          = {1989},
  publisher     = {Springer-Verlag New York Inc.},
  journal       = {Mathematics of Control, Signals, and Systems},
  volume        = {2},
  pages         = "303-314",
  year          = {1989},
  url           = {https://web.eecs.umich.edu/~cscott/smlrg/approx_by_superposition.pdf}
}
@article{LANGE2001152,
  title = "The EvtGen particle decay simulation package",
  journal = "Nuclear Instruments and Methods in Physics Research Section A: Accelerators, Spectrometers, Detectors and Associated Equipment",
  volume = "462",
  number = "1",
  pages = "152 - 155",
  year = "2001",
  note = "BEAUTY2000, Proceedings of the 7th Int. Conf. on B-Physics at Hadron Machines",
  doi = "https://doi.org/10.1016/S0168-9002(01)00089-4",
  author = "David J. Lange",
  keywords = "Monte Carlo, Event generator"
}
@article{AGOSTINELLI2003250,
  title = "Geant4—a simulation toolkit",
  journal = "Nuclear Instruments and Methods in Physics Research Section A: Accelerators, Spectrometers, Detectors and Associated Equipment",
  volume = "506",
  number = "3",
  pages = "250 - 303",
  year = "2003",
  issn = "0168-9002",
  doi = "https://doi.org/10.1016/S0168-9002(03)01368-8",
  url = "http://www.sciencedirect.com/science/article/pii/S0168900203013688",
  author = "S. Agostinelli and J. Allison and K. Amako and J. Apostolakis and H. Araujo and P. Arce and M. Asai and D. Axen and S. Banerjee and G. Barrand and F. Behner and L. Bellagamba and J. Boudreau and L. Broglia and A. Brunengo and H. Burkhardt and S. Chauvie and J. Chuma and R. Chytracek and G. Cooperman and G. Cosmo and P. Degtyarenko and A. Dell'Acqua and G. Depaola and D. Dietrich and R. Enami and A. Feliciello and C. Ferguson and H. Fesefeldt and G. Folger and F. Foppiano and A. Forti and S. Garelli and S. Giani and R. Giannitrapani and D. Gibin and J.J. Gómez Cadenas and I. González and G. Gracia Abril and G. Greeniaus and W. Greiner and V. Grichine and A. Grossheim and S. Guatelli and P. Gumplinger and R. Hamatsu and K. Hashimoto and H. Hasui and A. Heikkinen and A. Howard and V. Ivanchenko and A. Johnson and F.W. Jones and J. Kallenbach and N. Kanaya and M. Kawabata and Y. Kawabata and M. Kawaguti and S. Kelner and P. Kent and A. Kimura and T. Kodama and R. Kokoulin and M. Kossov and H. Kurashige and E. Lamanna and T. Lampén and V. Lara and V. Lefebure and F. Lei and M. Liendl and W. Lockman and F. Longo and S. Magni and M. Maire and E. Medernach and K. Minamimoto and P. Mora de Freitas and Y. Morita and K. Murakami and M. Nagamatu and R. Nartallo and P. Nieminen and T. Nishimura and K. Ohtsubo and M. Okamura and S. O'Neale and Y. Oohata and K. Paech and J. Perl and A. Pfeiffer and M.G. Pia and F. Ranjard and A. Rybin and S. Sadilov and E. Di Salvo and G. Santin and T. Sasaki and N. Savvas and Y. Sawada and S. Scherer and S. Sei and V. Sirotenko and D. Smith and N. Starkov and H. Stoecker and J. Sulkimo and M. Takahata and S. Tanaka and E. Tcherniaev and E. Safai Tehrani and M. Tropeano and P. Truscott and H. Uno and L. Urban and P. Urban and M. Verderi and A. Walkden and W. Wander and H. Weber and J.P. Wellisch and T. Wenaus and D.C. Williams and D. Wright and T. Yamada and H. Yoshida and D. Zschiesche",
  keywords = "Simulation, Particle interactions, Geometrical modelling, Software engineering, Object-oriented technology, Distributed software development"
}
@misc{Belle2Collaboration:SuperKEKBSketch,
    title={Super KEKB and Belle II},
    url={https://www.belle2.org/project/super_kekb_and_belle_ii},
    journal={Belle 2},
    author={Belle 2 Collaboration}
}
@misc{Belle2Collaboration:Belle2as3DSketch,
    title={Belle II detector as 3D sketch},
    url={https://www.belle2.org/imprint/},
    journal={Belle 2},
    author={Belle 2 Collaboration}
}
@misc{Belle2Collaboration:Belle2CollisionSketch,
    title={Sketch of a collision at Belle II},
    url={https://www.kek.jp/en/Facility/IPNS/Belle2/},
    journal={Belle 2},
    author={Belle 2 Collaboration}
}
@misc{BelleCollaboration:CollisionDecaySketch,
    title={Belle discovers new heavy `exotic hadrons'},
    url={https://www.kek.jp/en/Facility/IPNS/Belle2/},
    journal={Physical Review Letters (PRL)},
    year={2012},
    author={High Energy Accelerator Research Organization (KEK)}
}
